@book{knuth2001art,
    title={The Art of Computer Programming: Fundamental Algorithms},
    author={Knuth, D.E.},
    number={v. 1},
    isbn={9780201896831},
    series={The Art of Computer Programming: Fundamental Algorithms},
    year={2001},
    publisher={Addison-Wesley}
}

@book{thrun2005probabilistic,
	author = {Thrun, Sebastian and Burgard, Wolfram and Fox, Dieter},
	isbn = {978-0-262-20162-9},
	pages = {I-XX, 1-647},
	publisher = {MIT Press},
	series = {Intelligent robotics and autonomous agents},
	title = {Probabilistic robotics.},
	year = 2005
}

@article{leonard1991mobile,
	title={Mobile robot localization by tracking geometric beacons},
	author={Leonard, John J and Durrant-Whyte, Hugh F},
	journal={IEEE Transactions on robotics and Automation},
	volume={7},
	number={3},
	pages={376--382},
	year={1991}
}
